Time,Symbol,Token,LTP,VOL,OI
2026-07-09 08:45:38.404673,51373,137.15
08:45:38,NIFTY2671424050CE,51373,137.15,99045505,3852030
2026-07-09 08:45:38.404931,51374,130.90
08:45:38,NIFTY2671424050PE,51374,130.90,83036135,4387565
08:45:38,51373,51373,0,0,0
08:45:38,51374,51374,0,0,0
2026-07-09 08:45:39.407950,51373,136.80
08:45:39,51373,51373,136.80,99048495,0
2026-07-09 08:45:39.408347,51374,131.10
08:45:39,51374,51374,131.10,83038735,0
2026-07-09 08:45:39.907411,51373,137.10
08:45:39,51373,51373,137.10,99051745,0
2026-07-09 08:45:39.907619,51374,130.70
08:45:39,51374,51374,130.70,83046990,0
08:45:40,51373,51373,0,0,0
08:45:40,51374,51374,0,0,0
08:45:40,51373,51373,0,0,0
08:45:40,51374,51374,0,0,0
2026-07-09 08:45:41.410700,51373,137.35
08:45:41,51373,51373,137.35,99055320,0
2026-07-09 08:45:41.411192,51374,131.05
08:45:41,51374,51374,131.05,83050110,0
2026-07-09 08:45:41.912423,51373,136.95
08:45:41,51373,51373,136.95,99058245,0
2026-07-09 08:45:41.912641,51374,131.60
08:45:41,51374,51374,131.60,83050630,0
08:45:42,51374,51374,0,0,0
08:45:42,51373,51373,0,0,0
2026-07-09 08:45:42.912290,51373,137.30
08:45:42,51373,51373,137.30,99066630,0
2026-07-09 08:45:42.912561,51374,131.05
08:45:42,51374,51374,131.05,83058625,0
2026-07-09 08:45:43.413217,51373,137.00
08:45:43,51373,51373,137.00,0,0
2026-07-09 08:45:43.413508,51374,131.10
08:45:43,51374,51374,131.10,0,0
2026-07-09 08:45:43.913019,51373,136.85
08:45:43,51373,51373,136.85,99069035,0
2026-07-09 08:45:43.913300,51374,131.50
08:45:43,51374,51374,131.50,83060185,0
08:45:44,51373,51373,0,0,0
08:45:44,51374,51374,0,0,0
2026-07-09 08:45:44.912311,51373,136.65
08:45:44,51373,51373,136.65,99072415,0
2026-07-09 08:45:44.912634,51374,131.25
08:45:44,51374,51374,131.25,83062070,0
2026-07-09 08:45:45.414991,51373,136.35
08:45:45,51373,51373,136.35,99076510,0
2026-07-09 08:45:45.415346,51374,131.95
08:45:45,51374,51374,131.95,83065125,0
2026-07-09 08:45:45.915934,51373,136.30
08:45:45,51373,51373,136.30,0,0
2026-07-09 08:45:45.916479,51374,132.15
08:45:45,51374,51374,132.15,0,0
08:45:46,51373,51373,0,0,0
08:45:46,51374,51374,0,0,0
2026-07-09 08:45:46.917776,51373,136.05
08:45:46,51373,51373,136.05,99080605,0
2026-07-09 08:45:46.918001,51374,131.90
08:45:46,51374,51374,131.90,83070130,0
2026-07-09 08:45:47.416854,51373,136.50
08:45:47,51373,51373,136.50,99088535,0
2026-07-09 08:45:47.417204,51374,131.45
08:45:47,51374,51374,131.45,83074745,0
2026-07-09 08:45:47.915332,51373,136.45
08:45:47,51373,51373,136.45,0,0
2026-07-09 08:45:47.915584,51374,131.35
08:45:47,51374,51374,131.35,0,0
2026-07-09 08:45:48.416976,51374,131.55
08:45:48,51374,51374,131.55,83078775,0
2026-07-09 08:45:48.417267,51373,136.30
08:45:48,51373,51373,136.30,99095165,0
08:45:48,51373,51373,0,0,0
08:45:48,51374,51374,0,0,0
2026-07-09 08:45:49.419766,51374,132.35
08:45:49,51374,51374,132.35,83084235,0
2026-07-09 08:45:49.421329,51373,136.40
08:45:49,51373,51373,136.40,99098155,0
2026-07-09 08:45:49.917573,51373,136.15
08:45:49,51373,51373,136.15,0,0
2026-07-09 08:45:49.917928,51374,132.40
08:45:49,51374,51374,132.40,0,0
2026-07-09 08:45:50.419597,51373,136.05
08:45:50,51373,51373,136.05,99102250,0
2026-07-09 08:45:50.420276,51374,132.50
08:45:50,51374,51374,132.50,83088265,0
08:45:50,51373,51373,0,0,0
08:45:50,51374,51374,0,0,0
2026-07-09 08:45:51.420369,51373,135.35
08:45:51,51373,51373,135.35,99106540,0
2026-07-09 08:45:51.420593,51374,133.40
08:45:51,51374,51374,133.40,83090020,0
2026-07-09 08:45:51.920300,51373,135.60
08:45:51,51373,51373,135.60,99111285,0
2026-07-09 08:45:51.920515,51374,132.95
08:45:51,51374,51374,132.95,83093530,0
08:45:52,51373,51373,0,0,0
08:45:52,51374,51374,0,0,0
08:45:52,51373,51373,0,0,0
08:45:52,51374,51374,0,0,0
2026-07-09 08:45:53.420062,51373,134.70
08:45:53,51373,51373,134.70,99125715,0
2026-07-09 08:45:53.421700,51374,133.90
08:45:53,51374,51374,133.90,83095675,0
2026-07-09 08:45:53.920580,51373,134.25
08:45:53,51373,51373,134.25,99132345,0
2026-07-09 08:45:53.921256,51374,133.85
08:45:53,51374,51374,133.85,83100875,0
08:45:54,51373,51373,0,0,0
08:45:54,51374,51374,0,0,0
2026-07-09 08:45:54.922608,51374,133.95
08:45:54,51374,51374,133.95,83103670,0
2026-07-09 08:45:54.922884,51373,134.35
08:45:54,51373,51373,134.35,99136895,0
2026-07-09 08:45:55.423304,51373,134.20
08:45:55,51373,51373,134.20,0,0
2026-07-09 08:45:55.423581,51374,134.00
08:45:55,51374,51374,134.00,0,0
2026-07-09 08:45:55.922995,51373,134.30
08:45:55,51373,51373,134.30,99139365,0
2026-07-09 08:45:55.923535,51374,134.15
08:45:55,51374,51374,134.15,83104645,0
08:45:56,51373,51373,0,0,0
08:45:56,51374,51374,0,0,0
2026-07-09 08:45:56.922405,51373,134.40
08:45:56,51373,51373,134.40,99142290,0
2026-07-09 08:45:56.923394,51374,134.05
08:45:56,51374,51374,134.05,83107960,0
2026-07-09 08:45:57.422707,51373,134.30
08:45:57,51373,51373,134.30,99148595,0
2026-07-09 08:45:57.423062,51374,134.35
08:45:57,51374,51374,134.35,83113615,0
2026-07-09 08:45:57.923124,51373,133.90
08:45:57,51373,51373,133.90,0,0
2026-07-09 08:45:57.923459,51374,135.00
08:45:57,51374,51374,135.00,0,0
2026-07-09 08:45:58.923929,51373,134.00
08:45:58,51373,51373,134.00,99153925,0
2026-07-09 08:45:58.924192,51374,134.85
08:45:58,51374,51374,134.85,83119985,0
2026-07-09 08:45:59.423716,51374,135.40
08:45:59,51374,51374,135.40,83123495,0
2026-07-09 08:45:59.424094,51373,133.35
08:45:59,51373,51373,133.35,99160295,0
2026-07-09 08:45:59.923835,51373,133.30
08:45:59,51373,51373,133.30,0,0
2026-07-09 08:45:59.924148,51374,135.45
08:45:59,51374,51374,135.45,0,0
2026-07-09 08:46:00.423549,51373,133.70
08:46:00,51373,51373,133.70,99170500,0
2026-07-09 08:46:00.423753,51374,135.10
08:46:00,51374,51374,135.10,83130515,0
08:46:00,51373,51373,0,0,0
08:46:00,51374,51374,0,0,0
2026-07-09 08:46:01.424015,51374,135.20
08:46:01,51374,51374,135.20,83137405,0
2026-07-09 08:46:01.424478,51373,133.45
08:46:01,51373,51373,133.45,99177585,0
2026-07-09 08:46:01.923955,51373,133.05
08:46:01,51373,51373,133.05,0,0
2026-07-09 08:46:01.924469,51374,136.00
08:46:01,51374,51374,136.00,0,0
2026-07-09 08:46:02.425033,51373,132.90
08:46:02,51373,51373,132.90,99181160,0
2026-07-09 08:46:02.425296,51374,135.75
08:46:02,51374,51374,135.75,83145010,0
08:46:02,51373,51373,0,0,0
08:46:02,51374,51374,0,0,0
2026-07-09 08:46:03.427519,51373,132.30
08:46:03,51373,51373,132.30,99189805,0
2026-07-09 08:46:03.427835,51374,136.05
08:46:03,51374,51374,136.05,83149820,0
2026-07-09 08:46:03.928328,51373,132.75
08:46:03,51373,51373,132.75,0,0
08:46:03,51374,51374,0,0,0
08:46:04,51373,51373,0,99194810,0
08:46:04,51374,51374,0,83153525,0
08:46:04,51373,51373,0,0,0
08:46:04,51374,51374,0,0,0
2026-07-09 08:46:05.429454,51373,132.70
08:46:05,51373,51373,132.70,99199035,0
2026-07-09 08:46:05.429833,51374,135.75
08:46:05,51374,51374,135.75,83160675,0
2026-07-09 08:46:05.929210,51373,133.30
08:46:05,51373,51373,133.30,99202285,0
2026-07-09 08:46:05.929512,51374,135.45
08:46:05,51374,51374,135.45,83162690,0
08:46:06,51373,51373,0,0,0
08:46:06,51374,51374,0,0,0
2026-07-09 08:46:06.935434,51373,133.05
08:46:06,51373,51373,133.05,99204755,0
2026-07-09 08:46:06.935643,51374,135.95
08:46:06,51374,51374,135.95,83171010,0
2026-07-09 08:46:07.431883,51373,133.25
08:46:07,51373,51373,133.25,0,0
2026-07-09 08:46:07.432201,51374,135.35
08:46:07,51374,51374,135.35,0,0
2026-07-09 08:46:07.932675,51373,133.40
08:46:07,51373,51373,133.40,99209955,0
2026-07-09 08:46:07.932930,51374,135.15
08:46:07,51374,51374,135.15,83177055,0
08:46:08,51373,51373,0,0,0
08:46:08,51374,51374,0,0,0
2026-07-09 08:46:08.932613,51374,135.50
08:46:08,51374,51374,135.50,83179005,0
2026-07-09 08:46:08.932873,51373,133.80
08:46:08,51373,51373,133.80,99210540,0
2026-07-09 08:46:09.432513,51373,133.45
08:46:09,51373,51373,133.45,99213205,0
2026-07-09 08:46:09.432761,51374,135.90
08:46:09,51374,51374,135.90,83181215,0
2026-07-09 08:46:09.932135,51373,133.30
08:46:09,51373,51373,133.30,0,0
2026-07-09 08:46:09.932421,51374,136.30
08:46:09,51374,51374,136.30,0,0
08:46:10,51373,51373,0,0,0
08:46:10,51374,51374,0,0,0
2026-07-09 08:46:10.932611,51374,136.15
08:46:10,51374,51374,136.15,83185245,0
08:46:10,51373,51373,0,99215480,0
2026-07-09 08:46:11.432584,51373,132.90
08:46:11,51373,51373,132.90,99219185,0
2026-07-09 08:46:11.432914,51374,136.50
08:46:11,51374,51374,136.50,83190640,0
2026-07-09 08:46:11.932226,51374,136.80
08:46:11,51374,51374,136.80,0,0
2026-07-09 08:46:11.932568,51373,132.40
08:46:11,51373,51373,132.40,0,0
2026-07-09 08:46:12.432598,51373,132.30
08:46:12,51373,51373,132.30,99220485,0
2026-07-09 08:46:12.432812,51374,136.70
08:46:12,51374,51374,136.70,83194670,0
08:46:12,51373,51373,0,0,0
08:46:12,51374,51374,0,0,0
2026-07-09 08:46:13.434019,51373,132.15
08:46:13,51373,51373,132.15,99227635,0
2026-07-09 08:46:13.434266,51374,136.95
08:46:13,51374,51374,136.95,83209685,0
08:46:13,51374,51374,0,0,0
2026-07-09 08:46:13.934822,51373,132.00
08:46:13,51373,51373,132.00,0,0
2026-07-09 08:46:14.436379,51373,132.10
08:46:14,51373,51373,132.10,99247525,0
2026-07-09 08:46:14.437311,51374,136.85
08:46:14,51374,51374,136.85,83219175,0
08:46:14,51374,51374,0,0,0
08:46:14,51373,51373,0,0,0
08:46:15,51373,51373,0,99251750,0
08:46:15,51374,51374,0,83225285,0
2026-07-09 08:46:15.935618,51374,136.65
08:46:15,51374,51374,136.65,0,0
2026-07-09 08:46:15.935974,51373,132.20
08:46:15,51373,51373,132.20,0,0
08:46:16,51373,51373,0,99253960,0
08:46:16,51374,51374,0,83228405,0
08:46:16,51373,51373,0,0,0
08:46:16,51374,51374,0,0,0
2026-07-09 08:46:17.436772,51373,131.85
08:46:17,51373,51373,131.85,99259160,0
2026-07-09 08:46:17.437025,51374,136.85
08:46:17,51374,51374,136.85,83232825,0
2026-07-09 08:46:17.937061,51374,137.25
08:46:17,51374,51374,137.25,83234710,0
2026-07-09 08:46:17.938221,51373,131.60
08:46:17,51373,51373,131.60,99264295,0
08:46:18,51373,51373,0,0,0
08:46:18,51374,51374,0,0,0
2026-07-09 08:46:18.937736,51373,131.50
08:46:18,51373,51373,131.50,99271120,0
2026-07-09 08:46:18.937997,51374,137.20
08:46:18,51374,51374,137.20,83238675,0
2026-07-09 08:46:19.439598,51373,131.40
08:46:19,51373,51373,131.40,0,0
2026-07-09 08:46:19.439916,51374,137.40
08:46:19,51374,51374,137.40,0,0
2026-07-09 08:46:19.939352,51373,131.75
08:46:19,51373,51373,131.75,99279960,0
2026-07-09 08:46:19.939632,51374,137.10
08:46:19,51374,51374,137.10,83241535,0
08:46:20,51373,51373,0,0,0
08:46:20,51374,51374,0,0,0
2026-07-09 08:46:20.941902,51373,132.00
08:46:20,51373,51373,132.00,99283080,0
2026-07-09 08:46:20.942167,51374,136.75
08:46:20,51374,51374,136.75,83257720,0
2026-07-09 08:46:21.442856,51373,131.80
08:46:21,51373,51373,131.80,99288410,0
2026-07-09 08:46:21.443116,51374,137.05
08:46:21,51374,51374,137.05,83261100,0
2026-07-09 08:46:21.942697,51373,132.00
08:46:21,51373,51373,132.00,0,0
2026-07-09 08:46:21.943017,51374,137.15
08:46:21,51374,51374,137.15,0,0
08:46:22,51373,51373,0,0,0
08:46:22,51374,51374,0,0,0
2026-07-09 08:46:22.943606,51373,131.80
08:46:22,51373,51373,131.80,99297185,0
2026-07-09 08:46:22.945838,51374,137.25
08:46:22,51374,51374,137.25,83263830,0
2026-07-09 08:46:23.443481,51373,131.45
08:46:23,51373,51373,131.45,99299200,0
2026-07-09 08:46:23.443819,51374,136.90
08:46:23,51374,51374,136.90,83268705,0
2026-07-09 08:46:23.943437,51373,131.40
08:46:23,51373,51373,131.40,0,0
2026-07-09 08:46:23.943650,51374,137.35
08:46:23,51374,51374,137.35,0,0
08:46:24,51373,51373,0,99300370,0
2026-07-09 08:46:24.443431,51374,137.25
08:46:24,51374,51374,137.25,83273580,0
08:46:24,51373,51373,0,0,0
08:46:24,51374,51374,0,0,0
2026-07-09 08:46:25.444268,51373,131.90
08:46:25,51373,51373,131.90,99305115,3857620
2026-07-09 08:46:25.444482,51374,136.80
08:46:25,51374,51374,136.80,83275530,4432480
2026-07-09 08:46:25.944206,51373,131.65
08:46:25,51373,51373,131.65,0,0
2026-07-09 08:46:25.944418,51374,136.95
08:46:25,51374,51374,136.95,0,0
2026-07-09 08:46:26.443823,51373,131.70
08:46:26,51373,51373,131.70,99309925,0
2026-07-09 08:46:26.444056,51374,136.70
08:46:26,51374,51374,136.70,83278520,0
08:46:26,51374,51374,0,0,0
08:46:26,51373,51373,0,0,0
08:46:27,51373,51373,0,99312720,0
2026-07-09 08:46:27.444732,51374,137.25
08:46:27,51374,51374,137.25,83280860,0
2026-07-09 08:46:27.944179,51373,130.20
08:46:27,51373,51373,130.20,0,0
2026-07-09 08:46:27.944388,51374,139.00
08:46:27,51374,51374,139.00,0,0
2026-07-09 08:46:28.443970,51373,130.05
08:46:28,51373,51373,130.05,99329425,0
2026-07-09 08:46:28.444415,51374,138.70
08:46:28,51374,51374,138.70,83290545,0
08:46:28,51373,51373,0,0,0
08:46:28,51374,51374,0,0,0
2026-07-09 08:46:29.445124,51373,130.45
08:46:29,51373,51373,130.45,99333975,0
2026-07-09 08:46:29.445346,51374,138.85
08:46:29,51374,51374,138.85,83298605,0
2026-07-09 08:46:29.945993,51373,130.80
08:46:29,51373,51373,130.80,99343920,0
2026-07-09 08:46:29.946243,51374,138.65
08:46:29,51374,51374,138.65,83308680,0
08:46:30,51373,51373,0,0,0
08:46:30,51374,51374,0,0,0
08:46:30,51373,51373,0,0,0
08:46:30,51374,51374,0,0,0
2026-07-09 08:46:31.446412,51374,138.40
08:46:31,51374,51374,138.40,83317780,0
2026-07-09 08:46:31.446634,51373,131.10
08:46:31,51373,51373,131.10,99346130,0
2026-07-09 08:46:31.945577,51373,130.35
08:46:31,51373,51373,130.35,99349185,0
08:46:31,51374,51374,0,83322330,0
08:46:32,51373,51373,0,0,0
08:46:32,51374,51374,0,0,0
2026-07-09 08:46:32.947421,51373,130.45
08:46:32,51373,51373,130.45,99352370,0
2026-07-09 08:46:32.951543,51374,138.60
08:46:32,51374,51374,138.60,83324475,0
2026-07-09 08:46:33.449523,51373,130.35
08:46:33,51373,51373,130.35,99354255,0
2026-07-09 08:46:33.449918,51374,138.45
08:46:33,51374,51374,138.45,83329025,0
2026-07-09 08:46:33.949367,51373,130.30
08:46:33,51373,51373,130.30,0,0
2026-07-09 08:46:33.949599,51374,138.55
08:46:33,51374,51374,138.55,0,0
08:46:34,51373,51373,0,0,0
08:46:34,51374,51374,0,0,0
2026-07-09 08:46:34.948904,51373,130.70
08:46:34,51373,51373,130.70,99358415,0
2026-07-09 08:46:34.949232,51374,138.35
08:46:34,51374,51374,138.35,83332340,0
2026-07-09 08:46:35.448834,51373,130.00
08:46:35,51373,51373,130.00,99360495,0
2026-07-09 08:46:35.449219,51374,138.90
08:46:35,51374,51374,138.90,83335460,0
08:46:35,51373,51373,0,0,0
2026-07-09 08:46:35.949282,51374,139.50
08:46:35,51374,51374,139.50,0,0
2026-07-09 08:46:36.449441,51373,129.55
08:46:36,51373,51373,129.55,99387470,0
2026-07-09 08:46:36.449801,51374,139.65
08:46:36,51374,51374,139.65,83339620,0
08:46:36,51373,51373,0,0,0
08:46:36,51374,51374,0,0,0
2026-07-09 08:46:37.451412,51373,129.80
08:46:37,51373,51373,129.80,99391955,0
2026-07-09 08:46:37.452900,51374,139.35
08:46:37,51374,51374,139.35,83346770,0
2026-07-09 08:46:37.951298,51373,130.10
08:46:37,51373,51373,130.10,0,0
2026-07-09 08:46:37.951793,51374,139.40
08:46:37,51374,51374,139.40,0,0
2026-07-09 08:46:38.450696,51373,129.85
08:46:38,51373,51373,129.85,99395530,0
2026-07-09 08:46:38.451251,51374,139.35
08:46:38,51374,51374,139.35,83351450,0
08:46:38,51374,51374,0,0,0
08:46:38,51373,51373,0,0,0
2026-07-09 08:46:39.451760,51373,129.70
08:46:39,51373,51373,129.70,99400405,0
2026-07-09 08:46:39.452354,51374,139.70
08:46:39,51374,51374,139.70,83355870,0
2026-07-09 08:46:39.951517,51373,130.00
08:46:39,51373,51373,130.00,0,0
2026-07-09 08:46:39.951887,51374,139.30
08:46:39,51374,51374,139.30,0,0
08:46:40,51373,51373,0,99404695,0
08:46:40,51374,51374,0,83357690,0
08:46:40,51374,51374,0,0,0
08:46:40,51373,51373,0,0,0
2026-07-09 08:46:41.453148,51373,130.40
08:46:41,51373,51373,130.40,99409765,0
2026-07-09 08:46:41.453369,51374,138.55
08:46:41,51374,51374,138.55,83361590,0
2026-07-09 08:46:41.953871,51373,130.60
08:46:41,51373,51373,130.60,99410805,0
2026-07-09 08:46:41.954111,51374,138.30
08:46:41,51374,51374,138.30,83363995,0
08:46:42,51374,51374,0,0,0
08:46:42,51373,51373,0,0,0
08:46:42,51373,51373,0,0,0
08:46:42,51374,51374,0,0,0
2026-07-09 08:46:43.459235,51373,131.25
08:46:43,51373,51373,131.25,99413665,0
2026-07-09 08:46:43.459625,51374,138.25
08:46:43,51374,51374,138.25,83377905,0
2026-07-09 08:46:43.958572,51373,131.55
08:46:43,51373,51373,131.55,99415745,0
2026-07-09 08:46:43.958899,51374,137.90
08:46:43,51374,51374,137.90,83381870,0
08:46:44,51373,51373,0,0,0
08:46:44,51374,51374,0,0,0
2026-07-09 08:46:44.960000,51373,131.40
08:46:44,51373,51373,131.40,99417890,0
2026-07-09 08:46:44.961803,51374,137.60
08:46:44,51374,51374,137.60,83384925,0
2026-07-09 08:46:45.460035,51373,131.35
08:46:45,51373,51373,131.35,0,0
2026-07-09 08:46:45.460486,51374,137.90
08:46:45,51374,51374,137.90,0,0
2026-07-09 08:46:45.960063,51373,131.25
08:46:45,51373,51373,131.25,99419970,0
2026-07-09 08:46:45.960547,51374,137.70
08:46:45,51374,51374,137.70,83390255,0
08:46:46,51373,51373,0,0,0
08:46:46,51374,51374,0,0,0
08:46:46,51373,51373,0,99421530,0
2026-07-09 08:46:46.961608,51374,137.80
08:46:46,51374,51374,137.80,83398510,0
2026-07-09 08:46:47.463065,51373,131.10
08:46:47,51373,51373,131.10,99423935,0
2026-07-09 08:46:47.463365,51374,137.90
08:46:47,51374,51374,137.90,83402215,0
2026-07-09 08:46:47.963663,51373,131.55
08:46:47,51373,51373,131.55,0,0
2026-07-09 08:46:47.963878,51374,137.85
08:46:47,51374,51374,137.85,0,0
2026-07-09 08:46:48.464522,51373,130.95
08:46:48,51373,51373,130.95,99426080,0
2026-07-09 08:46:48.464844,51374,138.20
08:46:48,51374,51374,138.20,83403710,0
08:46:48,51373,51373,0,0,0
08:46:48,51374,51374,0,0,0
2026-07-09 08:46:49.465626,51373,131.25
08:46:49,51373,51373,131.25,99428290,0
2026-07-09 08:46:49.465847,51374,137.75
08:46:49,51374,51374,137.75,83406115,0
2026-07-09 08:46:49.964678,51373,131.30
08:46:49,51373,51373,131.30,0,0
2026-07-09 08:46:49.964890,51374,138.15
08:46:49,51374,51374,138.15,0,0
2026-07-09 08:46:50.466261,51374,137.95
08:46:50,51374,51374,137.95,83407935,0
08:46:50,51373,51373,0,99431085,0
08:46:50,51373,51373,0,0,0
08:46:50,51374,51374,0,0,0
2026-07-09 08:46:51.466504,51373,131.10
08:46:51,51373,51373,131.10,99433555,0
2026-07-09 08:46:51.466877,51374,138.30
08:46:51,51374,51374,138.30,83410275,0
2026-07-09 08:46:51.966698,51373,130.85
08:46:51,51373,51373,130.85,0,0
2026-07-09 08:46:51.966946,51374,138.70
08:46:51,51374,51374,138.70,0,0
08:46:52,51373,51373,0,99435375,0
2026-07-09 08:46:52.466883,51374,138.55
08:46:52,51374,51374,138.55,83411380,0
08:46:52,51373,51373,0,0,0
08:46:52,51374,51374,0,0,0
2026-07-09 08:46:53.469395,51373,130.75
08:46:53,51373,51373,130.75,99435635,0
2026-07-09 08:46:53.469761,51374,138.70
08:46:53,51374,51374,138.70,83413200,0
2026-07-09 08:46:53.969521,51373,130.50
08:46:53,51373,51373,130.50,99436675,0
2026-07-09 08:46:53.969923,51374,138.60
08:46:53,51374,51374,138.60,83415930,0
08:46:54,51373,51373,0,0,0
08:46:54,51374,51374,0,0,0
08:46:54,51373,51373,0,0,0
08:46:54,51374,51374,0,0,0
2026-07-09 08:46:55.472673,51373,130.80
08:46:55,51373,51373,130.80,99438885,0
2026-07-09 08:46:55.472882,51374,138.00
08:46:55,51374,51374,138.00,83416320,0
2026-07-09 08:46:55.972340,51374,138.80
08:46:55,51374,51374,138.80,83431205,0
2026-07-09 08:46:55.972555,51373,130.70
08:46:55,51373,51373,130.70,99441810,0
08:46:56,51373,51373,0,0,0
08:46:56,51374,51374,0,0,0
2026-07-09 08:46:56.972230,51373,130.50
08:46:56,51373,51373,130.50,99442850,0
2026-07-09 08:46:56.972662,51374,138.85
08:46:56,51374,51374,138.85,83432895,0
2026-07-09 08:46:57.472549,51373,130.75
08:46:57,51373,51373,130.75,0,0
2026-07-09 08:46:57.472769,51374,138.55
08:46:57,51374,51374,138.55,0,0
2026-07-09 08:46:57.972529,51373,130.60
08:46:57,51373,51373,130.60,99444865,0
2026-07-09 08:46:57.972994,51374,138.65
08:46:57,51374,51374,138.65,83434910,0
08:46:58,51373,51373,0,0,0
08:46:58,51374,51374,0,0,0
2026-07-09 08:46:58.972757,51373,130.80
08:46:58,51373,51373,130.80,99446360,0
08:46:58,51374,51374,0,83436665,0
2026-07-09 08:46:59.474404,51373,130.70
08:46:59,51373,51373,130.70,99446945,0
2026-07-09 08:46:59.474994,51374,138.95
08:46:59,51374,51374,138.95,83439070,0
2026-07-09 08:46:59.974709,51373,130.85
08:46:59,51373,51373,130.85,0,0
2026-07-09 08:46:59.975108,51374,138.60
08:46:59,51374,51374,138.60,0,0
08:47:00,51374,51374,0,0,0
08:47:00,51373,51373,0,0,0
2026-07-09 08:47:00.975635,51373,130.95
08:47:00,51373,51373,130.95,99447855,0
2026-07-09 08:47:00.975893,51374,138.55
08:47:00,51374,51374,138.55,83439850,0
2026-07-09 08:47:01.476826,51373,130.75
08:47:01,51373,51373,130.75,99451430,0
2026-07-09 08:47:01.477436,51374,138.40
08:47:01,51374,51374,138.40,83444530,0
2026-07-09 08:47:01.977266,51374,137.80
08:47:01,51374,51374,137.80,0,0
08:47:01,51373,51373,0,0,0
2026-07-09 08:47:02.476549,51374,138.00
08:47:02,51374,51374,138.00,83446610,0
2026-07-09 08:47:02.476983,51373,130.95
08:47:02,51373,51373,130.95,99452990,0
08:47:02,51373,51373,0,0,0
08:47:02,51374,51374,0,0,0
2026-07-09 08:47:03.478597,51374,138.20
08:47:03,51374,51374,138.20,83447650,0
2026-07-09 08:47:03.479029,51373,130.90
08:47:03,51373,51373,130.90,99453705,0
2026-07-09 08:47:03.978874,51373,131.25
08:47:03,51373,51373,131.25,0,0
2026-07-09 08:47:03.979525,51374,138.25
08:47:03,51374,51374,138.25,0,0
2026-07-09 08:47:04.479642,51373,131.05
08:47:04,51373,51373,131.05,99458190,0
2026-07-09 08:47:04.480036,51374,138.20
08:47:04,51374,51374,138.20,83451095,0
08:47:04,51373,51373,0,0,0
08:47:04,51374,51374,0,0,0
2026-07-09 08:47:05.479917,51373,131.25
08:47:05,51373,51373,131.25,99459165,0
2026-07-09 08:47:05.480206,51374,137.85
08:47:05,51374,51374,137.85,83453370,0
2026-07-09 08:47:05.980337,51373,131.15
08:47:05,51373,51373,131.15,99460205,0
2026-07-09 08:47:05.980799,51374,137.90
08:47:05,51374,51374,137.90,83456035,0
08:47:06,51373,51373,0,0,0
08:47:06,51374,51374,0,0,0
08:47:06,51373,51373,0,0,0
08:47:06,51374,51374,0,0,0
2026-07-09 08:47:07.480787,51373,131.05
08:47:07,51373,51373,131.05,99461895,0
08:47:07,51374,51374,0,83461170,0
2026-07-09 08:47:07.982163,51373,131.35
08:47:07,51373,51373,131.35,99464885,0
2026-07-09 08:47:07.982676,51374,137.60
08:47:07,51374,51374,137.60,83463055,0
08:47:08,51373,51373,0,0,0
08:47:08,51374,51374,0,0,0
2026-07-09 08:47:08.981886,51373,131.70
08:47:08,51373,51373,131.70,99466640,0
2026-07-09 08:47:08.982446,51374,137.50
08:47:08,51374,51374,137.50,83464420,0
2026-07-09 08:47:09.482175,51373,131.55
08:47:09,51373,51373,131.55,0,0
2026-07-09 08:47:09.482508,51374,137.45
08:47:09,51374,51374,137.45,0,0
2026-07-09 08:47:09.981914,51373,131.35
08:47:09,51373,51373,131.35,99467355,0
2026-07-09 08:47:09.982238,51374,137.25
08:47:09,51374,51374,137.25,83465785,0
08:47:10,51373,51373,0,0,0
08:47:10,51374,51374,0,0,0
08:47:10,51373,51373,0,99467680,0
2026-07-09 08:47:10.982315,51374,137.50
08:47:10,51374,51374,137.50,83467215,0
2026-07-09 08:47:11.482357,51373,131.55
08:47:11,51373,51373,131.55,99469890,0
2026-07-09 08:47:11.482940,51374,137.85
08:47:11,51374,51374,137.85,83469100,0
2026-07-09 08:47:11.981444,51373,131.20
08:47:11,51373,51373,131.20,0,0
2026-07-09 08:47:11.981644,51374,137.95
08:47:11,51374,51374,137.95,0,0
08:47:12,51373,51373,0,0,0
08:47:12,51374,51374,0,0,0
2026-07-09 08:47:12.983791,51373,131.50
08:47:12,51373,51373,131.50,99471970,0
2026-07-09 08:47:12.989617,51374,137.90
08:47:12,51374,51374,137.90,83471375,0
2026-07-09 08:47:13.483783,51373,130.50
08:47:13,51373,51373,130.50,99477885,0
2026-07-09 08:47:13.484160,51374,138.75
08:47:13,51374,51374,138.75,83474235,0
2026-07-09 08:47:13.984981,51373,130.65
08:47:13,51373,51373,130.65,0,0
2026-07-09 08:47:13.985270,51374,139.00
08:47:13,51374,51374,139.00,0,0
2026-07-09 08:47:14.484754,51373,130.20
08:47:14,51373,51373,130.20,99478795,0
2026-07-09 08:47:14.484998,51374,138.95
08:47:14,51374,51374,138.95,83474950,0
08:47:14,51373,51373,0,0,0
08:47:14,51374,51374,0,0,0
2026-07-09 08:47:15.484924,51373,131.00
08:47:15,51373,51373,131.00,99479900,0
2026-07-09 08:47:15.485451,51374,138.45
08:47:15,51374,51374,138.45,83477550,0
2026-07-09 08:47:15.987562,51373,130.85
08:47:15,51373,51373,130.85,0,0
2026-07-09 08:47:15.987781,51374,138.10
08:47:15,51374,51374,138.10,0,0
2026-07-09 08:47:16.484522,51373,131.20
08:47:16,51373,51373,131.20,99482435,0
2026-07-09 08:47:16.484911,51374,138.30
08:47:16,51374,51374,138.30,83480345,0
08:47:16,51373,51373,0,0,0
08:47:16,51374,51374,0,0,0
2026-07-09 08:47:17.485244,51374,138.35
08:47:17,51374,51374,138.35,83483660,0
2026-07-09 08:47:17.485497,51373,130.55
08:47:17,51373,51373,130.55,99485360,0
2026-07-09 08:47:17.986164,51373,130.35
08:47:17,51373,51373,130.35,0,0
2026-07-09 08:47:17.989896,51374,138.80
08:47:17,51374,51374,138.80,0,0
08:47:18,51373,51373,0,99486725,0
08:47:18,51374,51374,0,83486000,0
08:47:18,51373,51373,0,0,0
08:47:18,51374,51374,0,0,0
2026-07-09 08:47:19.487366,51373,130.60
08:47:19,51373,51373,130.60,99488285,0
2026-07-09 08:47:19.487714,51374,138.60
08:47:19,51374,51374,138.60,83487560,0
08:47:19,51373,51373,0,99491015,0
2026-07-09 08:47:19.986874,51374,138.55
08:47:19,51374,51374,138.55,83492175,0
08:47:20,51373,51373,0,0,0
08:47:20,51374,51374,0,0,0
2026-07-09 08:47:20.987771,51373,130.10
08:47:20,51373,51373,130.10,99494330,0
2026-07-09 08:47:20.987982,51374,138.35
08:47:20,51374,51374,138.35,83494190,0
2026-07-09 08:47:21.488306,51373,130.00
08:47:21,51373,51373,130.00,0,0
2026-07-09 08:47:21.488524,51374,138.95
08:47:21,51374,51374,138.95,0,0
2026-07-09 08:47:21.987587,51373,130.35
08:47:21,51373,51373,130.35,99496800,0
2026-07-09 08:47:21.987792,51374,138.90
08:47:21,51374,51374,138.90,83495295,0
08:47:22,51374,51374,0,0,0
08:47:22,51373,51373,0,0,0
2026-07-09 08:47:22.990521,51374,139.00
08:47:22,51374,51374,139.00,83499910,0
2026-07-09 08:47:23.003187,51373,130.00
08:47:23,51373,51373,130.00,99499270,0
2026-07-09 08:47:23.487926,51374,138.30
08:47:23,51374,51374,138.30,83502055,0
2026-07-09 08:47:23.488344,51373,130.30
08:47:23,51373,51373,130.30,99502650,0
2026-07-09 08:47:23.988843,51373,130.70
08:47:23,51373,51373,130.70,0,0
2026-07-09 08:47:23.989046,51374,137.85
08:47:23,51374,51374,137.85,0,0
08:47:24,51373,51373,0,0,0
08:47:24,51374,51374,0,0,0
2026-07-09 08:47:24.989909,51373,131.00
08:47:24,51373,51373,131.00,99505770,0
08:47:24,51374,51374,0,83504590,0
2026-07-09 08:47:25.489053,51373,131.05
08:47:25,51373,51373,131.05,99506940,0
2026-07-09 08:47:25.489392,51374,137.65
08:47:25,51374,51374,137.65,83508230,0
2026-07-09 08:47:25.988628,51374,137.55
08:47:25,51374,51374,137.55,0,4493255
2026-07-09 08:47:25.988830,51373,131.60
08:47:25,51373,51373,131.60,0,3900325
2026-07-09 08:47:26.489593,51373,131.55
08:47:26,51373,51373,131.55,99510125,0
2026-07-09 08:47:26.489806,51374,137.10
08:47:26,51374,51374,137.10,83512585,0
08:47:26,51373,51373,0,0,0
08:47:26,51374,51374,0,0,0
2026-07-09 08:47:27.490570,51373,131.70
08:47:27,51373,51373,131.70,99511685,0
2026-07-09 08:47:27.490775,51374,137.05
08:47:27,51374,51374,137.05,83513820,0
2026-07-09 08:47:27.992788,51373,130.70
08:47:27,51373,51373,130.70,0,0
2026-07-09 08:47:27.993204,51374,138.00
08:47:27,51374,51374,138.00,0,0
2026-07-09 08:47:28.492602,51373,130.95
08:47:28,51373,51373,130.95,99514285,0
2026-07-09 08:47:28.492990,51374,138.05
08:47:28,51374,51374,138.05,83514210,0
08:47:28,51373,51373,0,0,0
08:47:28,51374,51374,0,0,0
2026-07-09 08:47:29.493627,51373,130.90
08:47:29,51373,51373,130.90,99515260,0
08:47:29,51374,51374,0,83515640,0
2026-07-09 08:47:29.993477,51373,130.60
08:47:29,51373,51373,130.60,0,0
2026-07-09 08:47:29.993675,51374,138.10
08:47:29,51374,51374,138.10,0,0
2026-07-09 08:47:30.494424,51373,130.45
08:47:30,51373,51373,130.45,99517405,0
2026-07-09 08:47:30.495674,51374,138.40
08:47:30,51374,51374,138.40,83516680,0
08:47:30,51373,51373,0,0,0
08:47:30,51374,51374,0,0,0
2026-07-09 08:47:31.494492,51373,130.75
08:47:31,51373,51373,130.75,99517730,0
2026-07-09 08:47:31.494702,51374,138.10
08:47:31,51374,51374,138.10,83518045,0
2026-07-09 08:47:31.995331,51373,130.45
08:47:31,51373,51373,130.45,99518900,0
2026-07-09 08:47:31.995552,51374,138.45
08:47:31,51374,51374,138.45,83519085,0
08:47:32,51374,51374,0,0,0
08:47:32,51373,51373,0,0,0
2026-07-09 08:47:32.995739,51374,139.35
08:47:32,51374,51374,139.35,83524805,0
2026-07-09 08:47:32.996616,51373,129.95
08:47:32,51373,51373,129.95,99527870,0
2026-07-09 08:47:33.496151,51373,129.70
08:47:33,51373,51373,129.70,0,0
08:47:33,51374,51374,0,0,0
2026-07-09 08:47:33.996628,51373,130.40
08:47:34,51373,51373,130.40,99530210,0
2026-07-09 08:47:34.001807,51374,138.95
08:47:34,51374,51374,138.95,83527925,0
08:47:34,51373,51373,0,0,0
08:47:34,51374,51374,0,0,0
08:47:34,51373,51373,0,99533850,0
2026-07-09 08:47:34.997501,51374,138.80
08:47:34,51374,51374,138.80,83531435,0
2026-07-09 08:47:35.496638,51373,129.90
08:47:35,51373,51373,129.90,99542040,0
2026-07-09 08:47:35.496949,51374,138.75
08:47:35,51374,51374,138.75,83534555,0
2026-07-09 08:47:35.995270,51373,129.95
08:47:35,51373,51373,129.95,0,0
2026-07-09 08:47:35.995499,51374,138.65
08:47:35,51374,51374,138.65,0,0
08:47:36,51373,51373,0,0,0
08:47:36,51374,51374,0,0,0
2026-07-09 08:47:36.995026,51373,130.60
08:47:36,51373,51373,130.60,99543925,0
2026-07-09 08:47:36.995285,51374,138.35
08:47:36,51374,51374,138.35,83539885,0
2026-07-09 08:47:37.495039,51373,130.55
08:47:37,51373,51373,130.55,99544835,0
2026-07-09 08:47:37.495298,51374,138.60
08:47:37,51374,51374,138.60,83543525,0
2026-07-09 08:47:37.996276,51373,130.20
08:47:37,51373,51373,130.20,0,0
2026-07-09 08:47:37.996476,51374,138.55
08:47:37,51374,51374,138.55,0,0
2026-07-09 08:47:38.497698,51374,138.50
08:47:38,51374,51374,138.50,83544955,0
2026-07-09 08:47:38.497939,51373,130.15
08:47:38,51373,51373,130.15,99548865,0
08:47:38,51373,51373,0,0,0
08:47:38,51374,51374,0,0,0
2026-07-09 08:47:39.498865,51373,129.75
08:47:39,51373,51373,129.75,99552375,0
2026-07-09 08:47:39.499287,51374,139.35
08:47:39,51374,51374,139.35,83546905,0
2026-07-09 08:47:39.997953,51374,139.85
08:47:39,51374,51374,139.85,0,0
2026-07-09 08:47:39.998220,51373,129.40
08:47:39,51373,51373,129.40,0,0
2026-07-09 08:47:40.498363,51373,129.80
08:47:40,51373,51373,129.80,99555690,0
2026-07-09 08:47:40.498587,51374,139.20
08:47:40,51374,51374,139.20,83551975,0
08:47:40,51374,51374,0,0,0
08:47:40,51373,51373,0,0,0
2026-07-09 08:47:41.498855,51373,130.10
08:47:41,51373,51373,130.10,99558550,0
2026-07-09 08:47:41.499256,51374,138.20
08:47:41,51374,51374,138.20,83554315,0
2026-07-09 08:47:42.001661,51373,130.15
08:47:42,51373,51373,130.15,0,0
2026-07-09 08:47:42.001886,51374,138.60
08:47:42,51374,51374,138.60,0,0
2026-07-09 08:47:42.502386,51373,130.25
08:47:42,51373,51373,130.25,99561930,0
2026-07-09 08:47:42.502668,51374,138.55
08:47:42,51374,51374,138.55,83559125,0
08:47:43,51373,51373,0,0,0
08:47:43,51374,51374,0,0,0
08:47:43,51373,51373,0,99567325,0
2026-07-09 08:47:43.508292,51374,138.50
08:47:43,51374,51374,138.50,83564455,0
2026-07-09 08:47:44.005971,51373,130.30
08:47:44,51373,51373,130.30,99573045,0
2026-07-09 08:47:44.006354,51374,138.60
08:47:44,51374,51374,138.60,83569525,0
08:47:44,51374,51374,0,0,0
08:47:44,51373,51373,0,0,0
08:47:45,51373,51373,0,0,0
08:47:45,51374,51374,0,0,0
2026-07-09 08:47:45.504739,51373,130.20
08:47:45,51373,51373,130.20,99576360,0
2026-07-09 08:47:45.505011,51374,138.65
08:47:45,51374,51374,138.65,83572060,0
2026-07-09 08:47:46.005474,51373,130.25
08:47:46,51373,51373,130.25,99581040,0
2026-07-09 08:47:46.005680,51374,138.90
08:47:46,51374,51374,138.90,83574465,0
08:47:46,51373,51373,0,0,0
08:47:46,51374,51374,0,0,0
2026-07-09 08:47:47.007964,51373,130.60
08:47:47,51373,51373,130.60,99583965,0
2026-07-09 08:47:47.008228,51374,138.30
08:47:47,51374,51374,138.30,83580575,0
2026-07-09 08:47:47.507231,51373,130.55
08:47:47,51373,51373,130.55,0,0
2026-07-09 08:47:47.507670,51374,138.40
08:47:47,51374,51374,138.40,0,0
2026-07-09 08:47:48.007627,51373,130.40
08:47:48,51373,51373,130.40,99587800,0
2026-07-09 08:47:48.007892,51374,138.50
08:47:48,51374,51374,138.50,83585125,0
08:47:48,51373,51373,0,0,0
08:47:48,51374,51374,0,0,0
2026-07-09 08:47:49.008618,51373,130.70
08:47:49,51373,51373,130.70,99592155,0
2026-07-09 08:47:49.008845,51374,138.30
08:47:49,51374,51374,138.30,83591495,0
2026-07-09 08:47:49.509497,51373,130.50
08:47:49,51373,51373,130.50,99597030,0
2026-07-09 08:47:49.509756,51374,138.60
08:47:49,51374,51374,138.60,83596240,0
2026-07-09 08:47:50.009262,51373,130.00
08:47:50,51373,51373,130.00,0,0
2026-07-09 08:47:50.009728,51374,139.10
08:47:50,51374,51374,139.10,0,0
2026-07-09 08:47:50.510420,51373,130.15
08:47:50,51373,51373,130.15,99602165,0
2026-07-09 08:47:50.510786,51374,139.00
08:47:50,51374,51374,139.00,83601765,0
08:47:51,51373,51373,0,0,0
08:47:51,51374,51374,0,0,0
2026-07-09 08:47:51.511137,51373,130.00
08:47:51,51373,51373,130.00,99607755,0
2026-07-09 08:47:51.511379,51374,139.25
08:47:51,51374,51374,139.25,83605860,0
2026-07-09 08:47:52.011609,51374,139.40
08:47:52,51374,51374,139.40,0,0
2026-07-09 08:47:52.012994,51373,129.95
08:47:52,51373,51373,129.95,0,0
2026-07-09 08:47:52.512546,51373,129.85
08:47:52,51373,51373,129.85,99613085,0
2026-07-09 08:47:52.512912,51374,139.25
08:47:52,51374,51374,139.25,83613075,0
08:47:53,51373,51373,0,0,0
08:47:53,51374,51374,0,0,0
08:47:53,51373,51373,0,99616075,0
2026-07-09 08:47:53.514442,51374,139.35
08:47:53,51374,51374,139.35,83618535,0
2026-07-09 08:47:54.015129,51374,139.60
08:47:54,51374,51374,139.60,0,0
2026-07-09 08:47:54.015345,51373,129.60
08:47:54,51373,51373,129.60,0,0
2026-07-09 08:47:54.517244,51373,129.75
08:47:54,51373,51373,129.75,99620105,0
2026-07-09 08:47:54.517441,51374,139.40
08:47:54,51374,51374,139.40,83622500,0
08:47:55,51373,51373,0,0,0
08:47:55,51374,51374,0,0,0
2026-07-09 08:47:55.517659,51373,129.80
08:47:55,51373,51373,129.80,99623485,0
2026-07-09 08:47:55.517929,51374,139.45
08:47:55,51374,51374,139.45,83624905,0
2026-07-09 08:47:56.018505,51373,129.60
08:47:56,51373,51373,129.60,99626410,0
2026-07-09 08:47:56.018939,51374,139.75
08:47:56,51374,51374,139.75,83626660,0
08:47:56,51374,51374,0,0,0
08:47:56,51373,51373,0,0,0
08:47:57,51373,51373,0,0,0
08:47:57,51374,51374,0,0,0
08:47:57,51373,51373,0,99635250,0
2026-07-09 08:47:57.521256,51374,139.90
08:47:57,51374,51374,139.90,83636215,0
2026-07-09 08:47:58.020305,51373,129.50
08:47:58,51373,51373,129.50,99636160,0
2026-07-09 08:47:58.020515,51374,140.05
08:47:58,51374,51374,140.05,83648045,0
08:47:58,51373,51373,0,0,0
08:47:58,51374,51374,0,0,0
2026-07-09 08:47:59.020600,51373,129.25
08:47:59,51373,51373,129.25,99637395,0
2026-07-09 08:47:59.020883,51374,140.30
08:47:59,51374,51374,140.30,83655975,0
2026-07-09 08:47:59.521254,51373,129.30
08:47:59,51373,51373,129.30,0,0
2026-07-09 08:47:59.521470,51374,140.75
08:47:59,51374,51374,140.75,0,0
2026-07-09 08:48:00.020787,51373,129.40
08:48:00,51373,51373,129.40,99645260,0
2026-07-09 08:48:00.021053,51374,140.65
08:48:00,51374,51374,140.65,83663710,0
08:48:00,51373,51373,0,0,0
08:48:00,51374,51374,0,0,0
2026-07-09 08:48:01.020961,51373,129.00
08:48:01,51373,51373,129.00,99648965,0
2026-07-09 08:48:01.021278,51374,140.95
08:48:01,51374,51374,140.95,83673785,0
2026-07-09 08:48:01.522689,51373,129.30
08:48:01,51373,51373,129.30,99651565,0
2026-07-09 08:48:01.522961,51374,140.60
08:48:01,51374,51374,140.60,83677815,0
2026-07-09 08:48:02.023458,51373,130.20
08:48:02,51373,51373,130.20,0,0
2026-07-09 08:48:02.023681,51374,139.80
08:48:02,51374,51374,139.80,0,0
2026-07-09 08:48:02.524005,51374,139.65
08:48:02,51374,51374,139.65,83692245,0
2026-07-09 08:48:02.524288,51373,129.80
08:48:02,51373,51373,129.80,99655530,0
08:48:03,51373,51373,0,0,0
08:48:03,51374,51374,0,0,0
2026-07-09 08:48:03.525400,51373,129.30
08:48:03,51373,51373,129.30,99664630,0
2026-07-09 08:48:03.525585,51374,140.70
08:48:03,51374,51374,140.70,83696470,0
2026-07-09 08:48:04.024873,51373,128.30
08:48:04,51373,51373,128.30,0,0
2026-07-09 08:48:04.025375,51374,141.80
08:48:04,51374,51374,141.80,0,0
2026-07-09 08:48:04.524793,51373,128.10
08:48:04,51373,51373,128.10,99669180,0
2026-07-09 08:48:04.525162,51374,142.00
08:48:04,51374,51374,142.00,83701670,0
08:48:05,51373,51373,0,0,0
08:48:05,51374,51374,0,0,0
2026-07-09 08:48:05.527908,51373,128.45
08:48:05,51373,51373,128.45,99675160,0
2026-07-09 08:48:05.528154,51374,142.15
08:48:05,51374,51374,142.15,83717140,0
2026-07-09 08:48:06.029014,51374,142.25
08:48:06,51374,51374,142.25,0,0
2026-07-09 08:48:06.029264,51373,128.10
08:48:06,51373,51373,128.10,0,0
08:48:06,51373,51373,0,99697715,0
2026-07-09 08:48:06.529087,51374,142.35
08:48:06,51374,51374,142.35,83725070,0
08:48:07,51373,51373,0,0,0
08:48:07,51374,51374,0,0,0
2026-07-09 08:48:07.528028,51373,128.45
08:48:07,51373,51373,128.45,99700835,0
2026-07-09 08:48:07.528325,51374,141.45
08:48:07,51374,51374,141.45,83733325,0
2026-07-09 08:48:08.029299,51373,127.70
08:48:08,51373,51373,127.70,99725015,0
2026-07-09 08:48:08.029555,51374,142.60
08:48:08,51374,51374,142.60,83737680,0
08:48:08,51373,51373,0,0,0
08:48:08,51374,51374,0,0,0
08:48:09,51373,51373,0,0,0
08:48:09,51374,51374,0,0,0
2026-07-09 08:48:09.529349,51373,127.15
08:48:09,51373,51373,127.15,99743540,0
2026-07-09 08:48:09.529554,51374,143.00
08:48:09,51374,51374,143.00,83745285,0
2026-07-09 08:48:10.029459,51374,142.70
08:48:10,51374,51374,142.70,83756075,0
2026-07-09 08:48:10.029835,51373,127.95
08:48:10,51373,51373,127.95,99754265,0
08:48:10,51373,51373,0,0,0
08:48:10,51374,51374,0,0,0
2026-07-09 08:48:11.029216,51373,128.30
08:48:11,51373,51373,128.30,99759790,0
2026-07-09 08:48:11.029611,51374,142.20
08:48:11,51374,51374,142.20,83764330,0
2026-07-09 08:48:11.529527,51373,128.20
08:48:11,51373,51373,128.20,0,0
2026-07-09 08:48:11.529852,51374,141.80
08:48:11,51374,51374,141.80,0,0
2026-07-09 08:48:12.030335,51373,128.15
08:48:12,51373,51373,128.15,99767980,0
2026-07-09 08:48:12.030655,51374,141.90
08:48:12,51374,51374,141.90,83769595,0
08:48:12,51373,51373,0,0,0
08:48:12,51374,51374,0,0,0
08:48:13,51373,51373,0,99769540,0
08:48:13,51374,51374,0,83776680,0
2026-07-09 08:48:13.531884,51374,142.25
08:48:13,51374,51374,142.25,83781295,0
2026-07-09 08:48:13.532119,51373,128.30
08:48:13,51373,51373,128.30,99777730,0
2026-07-09 08:48:14.033283,51373,128.45
08:48:14,51373,51373,128.45,0,0
2026-07-09 08:48:14.033534,51374,142.30
08:48:14,51374,51374,142.30,0,0
08:48:14,51373,51373,0,0,0
08:48:14,51374,51374,0,0,0
2026-07-09 08:48:15.033941,51373,128.85
08:48:15,51373,51373,128.85,99780720,0
2026-07-09 08:48:15.034203,51374,141.50
08:48:15,51374,51374,141.50,83787535,0
2026-07-09 08:48:15.533661,51373,127.70
08:48:15,51373,51373,127.70,99786830,0
2026-07-09 08:48:15.533882,51374,142.80
08:48:15,51374,51374,142.80,83794165,0
2026-07-09 08:48:16.034143,51373,128.00
08:48:16,51373,51373,128.00,0,0
2026-07-09 08:48:16.034374,51374,142.90
08:48:16,51374,51374,142.90,0,0
2026-07-09 08:48:16.534309,51373,127.50
08:48:16,51373,51373,127.50,99790340,0
2026-07-09 08:48:16.534509,51374,143.00
08:48:16,51374,51374,143.00,83805345,0
08:48:17,51373,51373,0,0,0
08:48:17,51374,51374,0,0,0
2026-07-09 08:48:17.533671,51374,142.70
08:48:17,51374,51374,142.70,83810480,0
2026-07-09 08:48:17.534235,51373,127.40
08:48:17,51373,51373,127.40,99792940,0
2026-07-09 08:48:18.034453,51373,127.60
08:48:18,51373,51373,127.60,0,0
2026-07-09 08:48:18.035974,51374,142.85
08:48:18,51374,51374,142.85,0,0
2026-07-09 08:48:18.535160,51373,127.75
08:48:18,51373,51373,127.75,99794630,0
2026-07-09 08:48:18.535498,51374,142.90
08:48:18,51374,51374,142.90,83816200,0
08:48:19,51374,51374,0,0,0
08:48:19,51373,51373,0,0,0
2026-07-09 08:48:19.537210,51373,127.85
08:48:19,51373,51373,127.85,99806460,0
2026-07-09 08:48:19.537626,51374,142.05
08:48:19,51374,51374,142.05,83826600,0
2026-07-09 08:48:20.037058,51373,127.80
08:48:20,51373,51373,127.80,99809190,0
2026-07-09 08:48:20.037443,51374,142.50
08:48:20,51374,51374,142.50,83832970,0
08:48:20,51374,51374,0,0,0
08:48:20,51373,51373,0,0,0
08:48:21,51373,51373,0,0,0
08:48:21,51374,51374,0,0,0
2026-07-09 08:48:21.537472,51373,127.40
08:48:21,51373,51373,127.40,99811660,0
2026-07-09 08:48:21.537721,51374,143.40
08:48:21,51374,51374,143.40,83838300,0
2026-07-09 08:48:22.037685,51373,127.45
08:48:22,51373,51373,127.45,99814000,0
2026-07-09 08:48:22.037920,51374,142.85
08:48:22,51374,51374,142.85,83840055,0
08:48:22,51373,51373,0,0,0
08:48:22,51374,51374,0,0,0
2026-07-09 08:48:23.038372,51373,128.00
08:48:23,51373,51373,128.00,99818680,0
2026-07-09 08:48:23.038596,51374,142.35
08:48:23,51374,51374,142.35,83851820,0
2026-07-09 08:48:23.538953,51373,128.15
08:48:23,51373,51373,128.15,0,0
2026-07-09 08:48:23.539390,51374,142.20
08:48:23,51374,51374,142.20,0,0
2026-07-09 08:48:24.038568,51374,142.75
08:48:24,51374,51374,142.75,83855460,0
2026-07-09 08:48:24.038786,51373,128.30
08:48:24,51373,51373,128.30,99822255,0
08:48:24,51373,51373,0,0,0
08:48:24,51374,51374,0,0,0
2026-07-09 08:48:25.040985,51373,128.55
08:48:25,51373,51373,128.55,99825505,0
2026-07-09 08:48:25.041289,51374,142.30
08:48:25,51374,51374,142.30,83860465,0
2026-07-09 08:48:25.541207,51373,128.10
08:48:25,51373,51373,128.10,99826935,0
2026-07-09 08:48:25.541479,51374,142.00
08:48:25,51374,51374,142.00,83863780,0
2026-07-09 08:48:26.042411,51373,127.90
08:48:26,51373,51373,127.90,0,3836105
2026-07-09 08:48:26.042618,51374,142.10
08:48:26,51374,51374,142.10,0,4475380
08:48:26,51373,51373,0,0,0
08:48:26,51374,51374,0,0,0
2026-07-09 08:48:27.043242,51373,128.15
08:48:27,51373,51373,128.15,99829860,0
2026-07-09 08:48:27.043474,51374,142.20
08:48:27,51374,51374,142.20,83872165,0
2026-07-09 08:48:27.543045,51373,128.30
08:48:27,51373,51373,128.30,99832460,0
2026-07-09 08:48:27.543303,51374,142.00
08:48:27,51374,51374,142.00,83875480,0
2026-07-09 08:48:28.043180,51373,128.75
08:48:28,51373,51373,128.75,0,0
2026-07-09 08:48:28.043485,51374,141.25
08:48:28,51374,51374,141.25,0,0
2026-07-09 08:48:28.543058,51373,129.50
08:48:28,51373,51373,129.50,99834540,0
2026-07-09 08:48:28.543969,51374,140.05
08:48:28,51374,51374,140.05,83883475,0
08:48:29,51373,51373,0,0,0
08:48:29,51374,51374,0,0,0
2026-07-09 08:48:29.543575,51373,129.75
08:48:29,51373,51373,129.75,99839675,0
2026-07-09 08:48:29.543819,51374,139.60
08:48:29,51374,51374,139.60,83893355,0
2026-07-09 08:48:30.042709,51373,129.85
08:48:30,51373,51373,129.85,0,0
2026-07-09 08:48:30.042948,51374,139.70
08:48:30,51374,51374,139.70,0,0
08:48:30,51373,51373,0,99840650,0
2026-07-09 08:48:30.542631,51374,139.75
08:48:30,51374,51374,139.75,83897840,0
08:48:31,51374,51374,0,0,0
08:48:31,51373,51373,0,0,0
2026-07-09 08:48:31.543307,51373,129.65
08:48:31,51373,51373,129.65,99845135,0
2026-07-09 08:48:31.543627,51374,140.10
08:48:31,51374,51374,140.10,83905640,0
2026-07-09 08:48:32.042524,51373,129.70
08:48:32,51373,51373,129.70,99846045,0
2026-07-09 08:48:32.042736,51374,140.00
08:48:32,51374,51374,140.00,83912010,0
08:48:32,51373,51373,0,0,0
08:48:32,51374,51374,0,0,0
08:48:33,51373,51373,0,0,0
08:48:33,51374,51374,0,0,0
2026-07-09 08:48:33.542795,51373,129.25
08:48:33,51373,51373,129.25,99848970,0
2026-07-09 08:48:33.543103,51374,140.25
08:48:33,51374,51374,140.25,83913570,0
2026-07-09 08:48:34.043638,51373,129.55
08:48:34,51373,51373,129.55,99852935,0
2026-07-09 08:48:34.044270,51374,140.45
08:48:34,51374,51374,140.45,83914610,0
08:48:34,51373,51373,0,0,0
08:48:34,51374,51374,0,0,0
2026-07-09 08:48:35.044315,51373,129.60
08:48:35,51373,51373,129.60,99855145,0
2026-07-09 08:48:35.044579,51374,140.30
08:48:35,51374,51374,140.30,83917665,0
2026-07-09 08:48:35.545649,51373,129.35
08:48:35,51373,51373,129.35,0,0
2026-07-09 08:48:35.545872,51374,140.55
08:48:35,51374,51374,140.55,0,0
2026-07-09 08:48:36.047258,51373,129.30
08:48:36,51373,51373,129.30,99856380,0
2026-07-09 08:48:36.047601,51374,140.70
08:48:36,51374,51374,140.70,83918185,0
08:48:36,51373,51373,0,0,0
08:48:36,51374,51374,0,0,0
2026-07-09 08:48:37.047444,51373,129.50
08:48:37,51373,51373,129.50,99857875,0
2026-07-09 08:48:37.047677,51374,140.65
08:48:37,51374,51374,140.65,83920460,0
2026-07-09 08:48:37.549715,51373,129.90
08:48:37,51373,51373,129.90,99858850,0
2026-07-09 08:48:37.550168,51374,140.20
08:48:37,51374,51374,140.20,83922735,0
2026-07-09 08:48:38.048831,51374,140.35
08:48:38,51374,51374,140.35,0,0
2026-07-09 08:48:38.049170,51373,129.55
08:48:38,51373,51373,129.55,0,0
08:48:38,51374,51374,0,0,0
08:48:38,51373,51373,0,0,0
2026-07-09 08:48:39.049676,51373,129.25
08:48:39,51373,51373,129.25,99860280,0
2026-07-09 08:48:39.049996,51374,140.60
08:48:39,51374,51374,140.60,83925660,0
2026-07-09 08:48:39.549630,51373,128.60
08:48:39,51373,51373,128.60,99863985,0
2026-07-09 08:48:39.550210,51374,141.45
08:48:39,51374,51374,141.45,83930470,0
2026-07-09 08:48:40.049653,51373,128.65
08:48:40,51373,51373,128.65,0,0
2026-07-09 08:48:40.050048,51374,141.15
08:48:40,51374,51374,141.15,0,0
2026-07-09 08:48:40.549713,51373,128.75
08:48:40,51373,51373,128.75,99869250,0
2026-07-09 08:48:40.551227,51374,141.35
08:48:40,51374,51374,141.35,83934890,0
08:48:41,51373,51373,0,0,0
08:48:41,51374,51374,0,0,0
2026-07-09 08:48:41.553111,51373,128.55
08:48:41,51373,51373,128.55,99869965,0
2026-07-09 08:48:41.553462,51374,141.45
08:48:41,51374,51374,141.45,83937100,0
2026-07-09 08:48:42.053298,51373,128.25
08:48:42,51373,51373,128.25,0,0
2026-07-09 08:48:42.053508,51374,141.80
08:48:42,51374,51374,141.80,0,0
2026-07-09 08:48:42.553932,51373,128.20
08:48:42,51373,51373,128.20,99878740,0
2026-07-09 08:48:42.554165,51374,142.10
08:48:42,51374,51374,142.10,83945940,0
08:48:43,51373,51373,0,0,0
08:48:43,51374,51374,0,0,0
2026-07-09 08:48:43.558467,51373,128.30
08:48:43,51373,51373,128.30,99879975,0
2026-07-09 08:48:43.559293,51374,142.15
08:48:43,51374,51374,142.15,83948475,0
2026-07-09 08:48:44.058243,51373,128.45
08:48:44,51373,51373,128.45,0,0
2026-07-09 08:48:44.058498,51374,141.50
08:48:44,51374,51374,141.50,0,0
2026-07-09 08:48:44.559147,51373,128.50
08:48:44,51373,51373,128.50,99883355,0
2026-07-09 08:48:44.559360,51374,141.75
08:48:44,51374,51374,141.75,83951400,0
08:48:45,51373,51373,0,0,0
08:48:45,51374,51374,0,0,0
2026-07-09 08:48:45.561261,51373,128.20
08:48:45,51373,51373,128.20,99887125,0
2026-07-09 08:48:45.561493,51374,141.95
08:48:45,51374,51374,141.95,83953480,0
2026-07-09 08:48:46.061277,51373,128.10
08:48:46,51373,51373,128.10,99891220,0
2026-07-09 08:48:46.061684,51374,142.00
08:48:46,51374,51374,142.00,83955495,0
08:48:46,51373,51373,0,0,0
08:48:46,51374,51374,0,0,0
2026-07-09 08:48:47.062680,51374,141.55
08:48:47,51374,51374,141.55,83956990,0
2026-07-09 08:48:47.063692,51373,128.25
08:48:47,51373,51373,128.25,99893235,0
2026-07-09 08:48:47.565172,51373,128.35
08:48:47,51373,51373,128.35,0,0
08:48:47,51374,51374,0,0,0
